%% This BibTeX bibliography file was created using BibDesk.
%% https://bibdesk.sourceforge.io/

%% Created for James Crippen at 2022-03-04 17:25:22 -0500 


%% Saved with string encoding Unicode (UTF-8) 



@phdthesis{eggleston:2013a,
	address = {Fairbanks, AK},
	author = {Eggleston, Keri},
	cites = {eggleston:2013b},
	date-added = {2022-03-04 17:25:21 -0500},
	date-modified = {2022-03-04 17:25:21 -0500},
	eprint = {TL005E2013},
	eprinttype = {anla},
	keywords = {Language - Tlingit; Family - Na-Dene; Morphology - Verb; Lexicography},
	school = {University of Alaska},
	title = {575 Tlingit verbs: A study of Tlingit verb paradigms},
	type = {PhD dissertation},
	volume = {1},
	year = {2013},
	bdsk-file-1 = {YnBsaXN0MDDSAQIDBFxyZWxhdGl2ZVBhdGhZYWxpYXNEYXRhXxAnLi4vLi4vLi4vTGl0ZXJhdHVyZS9FZ2dsZXN0b24gMjAxM2EucGRmTxEBcAAAAAABcAACAAAMTWFjaW50b3NoIEhEAAAAAAAAAAAAAAAAAAAAAAAAAEJEAAH/////E0VnZ2xlc3RvbiAyMDEzYS5wZGYAAAAAAAAAAAAAAAAAAAAAAAAAAAAAAAAAAAAAAAAAAAAAAAAAAAAAAAAAAP////8AAAAAAAAAAAAAAAAAAwACAAAKIGN1AAAAAAAAAAAAAAAAAApMaXRlcmF0dXJlAAIANi86VXNlcnM6amFtZXM6RG9jdW1lbnRzOkxpdGVyYXR1cmU6RWdnbGVzdG9uIDIwMTNhLnBkZgAOACgAEwBFAGcAZwBsAGUAcwB0AG8AbgAgADIAMAAxADMAYQAuAHAAZABmAA8AGgAMAE0AYQBjAGkAbgB0AG8AcwBoACAASABEABIANFVzZXJzL2phbWVzL0RvY3VtZW50cy9MaXRlcmF0dXJlL0VnZ2xlc3RvbiAyMDEzYS5wZGYAEwABLwAAFQACAAz//wAAAAgADQAaACQATgAAAAAAAAIBAAAAAAAAAAUAAAAAAAAAAAAAAAAAAAHC}}

@article{mattiola:2020,
	author = {Mattiola, Simone},
	date-added = {2022-03-01 12:53:29 -0500},
	date-modified = {2022-03-01 12:53:29 -0500},
	doi = {10.1111/lnc3.12366},
	issn = {1749-818X},
	journal = {Language \& Linguistics Compass},
	keywords = {Semantics - Event structure - Pluractional; Typology},
	number = {e12366},
	title = {Pluractionality: A cross-linguistic perspective},
	volume = {14},
	year = {2020},
	bdsk-file-1 = {YnBsaXN0MDDSAQIDBFxyZWxhdGl2ZVBhdGhZYWxpYXNEYXRhXxAlLi4vLi4vLi4vTGl0ZXJhdHVyZS9NYXR0aW9sYSAyMDIwLnBkZk8RAWgAAAAAAWgAAgAADE1hY2ludG9zaCBIRAAAAAAAAAAAAAAAAAAAAAAAAABCRAAB/////xFNYXR0aW9sYSAyMDIwLnBkZgAAAAAAAAAAAAAAAAAAAAAAAAAAAAAAAAAAAAAAAAAAAAAAAAAAAAAAAAAAAAD/////AAAAAAAAAAAAAAAAAAMAAgAACiBjdQAAAAAAAAAAAAAAAAAKTGl0ZXJhdHVyZQACADQvOlVzZXJzOmphbWVzOkRvY3VtZW50czpMaXRlcmF0dXJlOk1hdHRpb2xhIDIwMjAucGRmAA4AJAARAE0AYQB0AHQAaQBvAGwAYQAgADIAMAAyADAALgBwAGQAZgAPABoADABNAGEAYwBpAG4AdABvAHMAaAAgAEgARAASADJVc2Vycy9qYW1lcy9Eb2N1bWVudHMvTGl0ZXJhdHVyZS9NYXR0aW9sYSAyMDIwLnBkZgATAAEvAAAVAAIADP//AAAACAANABoAJABMAAAAAAAAAgEAAAAAAAAABQAAAAAAAAAAAAAAAAAAAbg=}}

@phdthesis{henderson:2013a,
	address = {Santa Cruz, CA},
	author = {Henderson, Robert},
	date-added = {2022-03-01 12:53:14 -0500},
	date-modified = {2022-03-01 12:53:14 -0500},
	keywords = {Semantics - Event structure - Pluractional; Semantics - Plurality; Semantics - Predication - Plural; Language - Kaqchikel; Family - Mayan; Family - Mayan - KÊ¼ichean},
	school = {University of California Santa Cruz},
	title = {Ways of pluralizing events},
	type = {PhD dissertation},
	year = {2013},
	bdsk-file-1 = {YnBsaXN0MDDSAQIDBFxyZWxhdGl2ZVBhdGhZYWxpYXNEYXRhXxAnLi4vLi4vLi4vTGl0ZXJhdHVyZS9IZW5kZXJzb24gMjAxM2EucGRmTxEBcAAAAAABcAACAAAMTWFjaW50b3NoIEhEAAAAAAAAAAAAAAAAAAAAAAAAAEJEAAH/////E0hlbmRlcnNvbiAyMDEzYS5wZGYAAAAAAAAAAAAAAAAAAAAAAAAAAAAAAAAAAAAAAAAAAAAAAAAAAAAAAAAAAP////8AAAAAAAAAAAAAAAAAAwACAAAKIGN1AAAAAAAAAAAAAAAAAApMaXRlcmF0dXJlAAIANi86VXNlcnM6amFtZXM6RG9jdW1lbnRzOkxpdGVyYXR1cmU6SGVuZGVyc29uIDIwMTNhLnBkZgAOACgAEwBIAGUAbgBkAGUAcgBzAG8AbgAgADIAMAAxADMAYQAuAHAAZABmAA8AGgAMAE0AYQBjAGkAbgB0AG8AcwBoACAASABEABIANFVzZXJzL2phbWVzL0RvY3VtZW50cy9MaXRlcmF0dXJlL0hlbmRlcnNvbiAyMDEzYS5wZGYAEwABLwAAFQACAAz//wAAAAgADQAaACQATgAAAAAAAAIBAAAAAAAAAAUAAAAAAAAAAAAAAAAAAAHC}}

@unpublished{leer:1976,
	author = {Leer, Jeff},
	date-added = {2022-02-28 14:40:57 -0500},
	date-modified = {2022-02-28 14:40:57 -0500},
	eprint = {TL962L1975n},
	eprinttype = {anla},
	keywords = {Language - Tlingit; Lexicography - Wordlist},
	note = {Unpublished manuscript},
	title = {Tlingit verb catalog},
	year = {1976},
	bdsk-file-1 = {YnBsaXN0MDDSAQIDBFxyZWxhdGl2ZVBhdGhZYWxpYXNEYXRhXxA9Li4vLi4vVGxpbmdpdCBEaWN0aW9uYXJ5L1RMOTYyTDE5NzRoIC0gTGVlciBUbGluZ2l0IFZlcmJzLnBkZk8RAdYAAAAAAdYAAgAADE1hY2ludG9zaCBIRAAAAAAAAAAAAAAAAAAAAAAAAABCRAAB/////x9UTDk2MkwxOTc0aCAtIExlZXIjRkZGRkZGRkYucGRmAAAAAAAAAAAAAAAAAAAAAAAAAAAAAAAAAAAAAAAAAAD/////AAAAAAAAAAAAAAAAAAIAAgAACiBjdQAAAAAAAAAAAAAAAAASVGxpbmdpdCBEaWN0aW9uYXJ5AAIAVC86VXNlcnM6amFtZXM6RG9jdW1lbnRzOk1pbmU6VGxpbmdpdCBEaWN0aW9uYXJ5OlRMOTYyTDE5NzRoIC0gTGVlciBUbGluZ2l0IFZlcmJzLnBkZgAOAEoAJABUAEwAOQA2ADIATAAxADkANwA0AGgAIAAtACAATABlAGUAcgAgAFQAbABpAG4AZwBpAHQAIABWAGUAcgBiAHMALgBwAGQAZgAPABoADABNAGEAYwBpAG4AdABvAHMAaAAgAEgARAASAFJVc2Vycy9qYW1lcy9Eb2N1bWVudHMvTWluZS9UbGluZ2l0IERpY3Rpb25hcnkvVEw5NjJMMTk3NGggLSBMZWVyIFRsaW5naXQgVmVyYnMucGRmABMAAS8AABUAAgAM//8AAAAIAA0AGgAkAGQAAAAAAAACAQAAAAAAAAAFAAAAAAAAAAAAAAAAAAACPg==}}

@unpublished{leer:1973,
	author = {Leer, Jeff},
	date-added = {2022-02-28 14:40:52 -0500},
	date-modified = {2022-02-28 14:40:52 -0500},
	eprint = {TL962L1973g},
	eprinttype = {anla},
	keywords = {Language - Tlingit; Lexicography - Wordlist},
	note = {Unpublished manuscript},
	title = {Tlingit stem collection},
	year = {1973},
	bdsk-file-1 = {YnBsaXN0MDDSAQIDBFxyZWxhdGl2ZVBhdGhZYWxpYXNEYXRhbxB4AC4ALgAvAC4ALgAvAFQAbABpAG4AZwBpAHQAIABEAGkAYwB0AGkAbwBuAGEAcgB5AC8AVABMADkANgAyAEwAMQA5ADcAMwBnACAALQAgAFQAbABpAG4AZwBpAHQAIABkAGkAYwB0AGkAbwBuAGEAcgB5ACAAbQBhAHQAZQByAGkAYQBsAHMALwBUAEwALQBkAGkAYwB0AGkAbwBuAGEAcgB5AC0AbQBhAHQAZQByAGkAYQBsAHMALQBmADAAMQAgACgAcQAgAHECtwAgA8cCvAAgA8cCvAK3ACAAcQK8ACAAcQK8ArcAKQAuAHAAZABmTxECjAAAAAACjAACAAAMTWFjaW50b3NoIEhEAAAAAAAAAAAAAAAAAAAAAAAAAEJEAAH/////H1RMLWRpY3Rpb25hcnktbWF0ZSNGRkZGRkZGRi5wZGYAAAAAAAAAAAAAAAAAAAAAAAAAAAAAAAAAAAAAAAAAAP////8AAAAAAAAAAAAAAAAAAgADAAAKIGN1AAAAAAAAAAAAAAAAAB9UTDk2MkwxOTczZyAtIFRsaW5naXQgZGljdGkjRTAxAAACAJgvOlVzZXJzOmphbWVzOkRvY3VtZW50czpNaW5lOlRsaW5naXQgRGljdGlvbmFyeTpUTDk2MkwxOTczZyAtIFRsaW5naXQgZGljdGlvbmFyeSBtYXRlcmlhbHM6VEwtZGljdGlvbmFyeS1tYXRlcmlhbHMtZjAxIChxIHHKtyDPh8q8IM+HyrzKtyBxyrwgccq8yrcpLnBkZgAOAGoANABUAEwALQBkAGkAYwB0AGkAbwBuAGEAcgB5AC0AbQBhAHQAZQByAGkAYQBsAHMALQBmADAAMQAgACgAcQAgAHECtwAgA8cCvAAgA8cCvAK3ACAAcQK8ACAAcQK8ArcAKQAuAHAAZABmAA8AGgAMAE0AYQBjAGkAbgB0AG8AcwBoACAASABEABIAllVzZXJzL2phbWVzL0RvY3VtZW50cy9NaW5lL1RsaW5naXQgRGljdGlvbmFyeS9UTDk2MkwxOTczZyAtIFRsaW5naXQgZGljdGlvbmFyeSBtYXRlcmlhbHMvVEwtZGljdGlvbmFyeS1tYXRlcmlhbHMtZjAxIChxIHHKtyDPh8q8IM+HyrzKtyBxyrwgccq8yrcpLnBkZgATAAEvAAAVAAIADP//AAAACAANABoAJAEXAAAAAAAAAgEAAAAAAAAABQAAAAAAAAAAAAAAAAAAA6c=},
	bdsk-file-2 = {YnBsaXN0MDDSAQIDBFxyZWxhdGl2ZVBhdGhZYWxpYXNEYXRhbxBwAC4ALgAvAC4ALgAvAFQAbABpAG4AZwBpAHQAIABEAGkAYwB0AGkAbwBuAGEAcgB5AC8AVABMADkANgAyAEwAMQA5ADcAMwBnACAALQAgAFQAbABpAG4AZwBpAHQAIABkAGkAYwB0AGkAbwBuAGEAcgB5ACAAbQBhAHQAZQByAGkAYQBsAHMALwBUAEwALQBkAGkAYwB0AGkAbwBuAGEAcgB5AC0AbQBhAHQAZQByAGkAYQBsAHMALQBmADAAMgAgACgDxwAgACADxwK3ACACYgAgAmICtwApAC4AcABkAGZPEQJoAAAAAAJoAAIAAAxNYWNpbnRvc2ggSEQAAAAAAAAAAAAAAAAAAAAAAAAAQkQAAf////8fVEwtZGljdGlvbmFyeS1tYXRlI0ZGRkZGRkZGLnBkZgAAAAAAAAAAAAAAAAAAAAAAAAAAAAAAAAAAAAAAAAAA/////wAAAAAAAAAAAAAAAAACAAMAAAogY3UAAAAAAAAAAAAAAAAAH1RMOTYyTDE5NzNnIC0gVGxpbmdpdCBkaWN0aSNFMDEAAAIAjS86VXNlcnM6amFtZXM6RG9jdW1lbnRzOk1pbmU6VGxpbmdpdCBEaWN0aW9uYXJ5OlRMOTYyTDE5NzNnIC0gVGxpbmdpdCBkaWN0aW9uYXJ5IG1hdGVyaWFsczpUTC1kaWN0aW9uYXJ5LW1hdGVyaWFscy1mMDIgKM+HICDPh8q3IMmiIMmiyrcpLnBkZgAADgBaACwAVABMAC0AZABpAGMAdABpAG8AbgBhAHIAeQAtAG0AYQB0AGUAcgBpAGEAbABzAC0AZgAwADIAIAAoA8cAIAAgA8cCtwAgAmIAIAJiArcAKQAuAHAAZABmAA8AGgAMAE0AYQBjAGkAbgB0AG8AcwBoACAASABEABIAi1VzZXJzL2phbWVzL0RvY3VtZW50cy9NaW5lL1RsaW5naXQgRGljdGlvbmFyeS9UTDk2MkwxOTczZyAtIFRsaW5naXQgZGljdGlvbmFyeSBtYXRlcmlhbHMvVEwtZGljdGlvbmFyeS1tYXRlcmlhbHMtZjAyICjPhyAgz4fKtyDJoiDJosq3KS5wZGYAABMAAS8AABUAAgAM//8AAAAIAA0AGgAkAQcAAAAAAAACAQAAAAAAAAAFAAAAAAAAAAAAAAAAAAADcw==},
	bdsk-file-3 = {YnBsaXN0MDDSAQIDBFxyZWxhdGl2ZVBhdGhZYWxpYXNEYXRhbxBqAC4ALgAvAC4ALgAvAFQAbABpAG4AZwBpAHQAIABEAGkAYwB0AGkAbwBuAGEAcgB5AC8AVABMADkANgAyAEwAMQA5ADcAMwBnACAALQAgAFQAbABpAG4AZwBpAHQAIABkAGkAYwB0AGkAbwBuAGEAcgB5ACAAbQBhAHQAZQByAGkAYQBsAHMALwBUAEwALQBkAGkAYwB0AGkAbwBuAGEAcgB5AC0AbQBhAHQAZQByAGkAYQBsAHMALQBmADAAMwAgACgAeAAgAHgCtwApAC4AcABkAGZPEQJEAAAAAAJEAAIAAAxNYWNpbnRvc2ggSEQAAAAAAAAAAAAAAAAAAAAAAAAAQkQAAf////8fVEwtZGljdGlvbmFyeS1tYXRlI0ZGRkZGRkZGLnBkZgAAAAAAAAAAAAAAAAAAAAAAAAAAAAAAAAAAAAAAAAAA/////wAAAAAAAAAAAAAAAAACAAMAAAogY3UAAAAAAAAAAAAAAAAAH1RMOTYyTDE5NzNnIC0gVGxpbmdpdCBkaWN0aSNFMDEAAAIAgi86VXNlcnM6amFtZXM6RG9jdW1lbnRzOk1pbmU6VGxpbmdpdCBEaWN0aW9uYXJ5OlRMOTYyTDE5NzNnIC0gVGxpbmdpdCBkaWN0aW9uYXJ5IG1hdGVyaWFsczpUTC1kaWN0aW9uYXJ5LW1hdGVyaWFscy1mMDMgKHggeMq3KS5wZGYADgBOACYAVABMAC0AZABpAGMAdABpAG8AbgBhAHIAeQAtAG0AYQB0AGUAcgBpAGEAbABzAC0AZgAwADMAIAAoAHgAIAB4ArcAKQAuAHAAZABmAA8AGgAMAE0AYQBjAGkAbgB0AG8AcwBoACAASABEABIAgFVzZXJzL2phbWVzL0RvY3VtZW50cy9NaW5lL1RsaW5naXQgRGljdGlvbmFyeS9UTDk2MkwxOTczZyAtIFRsaW5naXQgZGljdGlvbmFyeSBtYXRlcmlhbHMvVEwtZGljdGlvbmFyeS1tYXRlcmlhbHMtZjAzICh4IHjKtykucGRmABMAAS8AABUAAgAM//8AAAAIAA0AGgAkAPsAAAAAAAACAQAAAAAAAAAFAAAAAAAAAAAAAAAAAAADQw==},
	bdsk-file-4 = {YnBsaXN0MDDSAQIDBFxyZWxhdGl2ZVBhdGhZYWxpYXNEYXRhbxBzAC4ALgAvAC4ALgAvAFQAbABpAG4AZwBpAHQAIABEAGkAYwB0AGkAbwBuAGEAcgB5AC8AVABMADkANgAyAEwAMQA5ADcAMwBnACAALQAgAFQAbABpAG4AZwBpAHQAIABkAGkAYwB0AGkAbwBuAGEAcgB5ACAAbQBhAHQAZQByAGkAYQBsAHMALwBUAEwALQBkAGkAYwB0AGkAbwBuAGEAcgB5AC0AbQBhAHQAZQByAGkAYQBsAHMALQBmADAANAAgACgAeAK8ACAAeAK8ArcAIABrArwAIABrArwCtwApAC4AcABkAGZPEQJyAAAAAAJyAAIAAAxNYWNpbnRvc2ggSEQAAAAAAAAAAAAAAAAAAAAAAAAAQkQAAf////8fVEwtZGljdGlvbmFyeS1tYXRlI0ZGRkZGRkZGLnBkZgAAAAAAAAAAAAAAAAAAAAAAAAAAAAAAAAAAAAAAAAAA/////wAAAABQREYgQ0FSTwACAAMAAAogY3UAAAAAAAAAAAAAAAAAH1RMOTYyTDE5NzNnIC0gVGxpbmdpdCBkaWN0aSNFMDEAAAIAkC86VXNlcnM6amFtZXM6RG9jdW1lbnRzOk1pbmU6VGxpbmdpdCBEaWN0aW9uYXJ5OlRMOTYyTDE5NzNnIC0gVGxpbmdpdCBkaWN0aW9uYXJ5IG1hdGVyaWFsczpUTC1kaWN0aW9uYXJ5LW1hdGVyaWFscy1mMDQgKHjKvCB4yrzKtyBryrwga8q8yrcpLnBkZgAOAGAALwBUAEwALQBkAGkAYwB0AGkAbwBuAGEAcgB5AC0AbQBhAHQAZQByAGkAYQBsAHMALQBmADAANAAgACgAeAK8ACAAeAK8ArcAIABrArwAIABrArwCtwApAC4AcABkAGYADwAaAAwATQBhAGMAaQBuAHQAbwBzAGgAIABIAEQAEgCOVXNlcnMvamFtZXMvRG9jdW1lbnRzL01pbmUvVGxpbmdpdCBEaWN0aW9uYXJ5L1RMOTYyTDE5NzNnIC0gVGxpbmdpdCBkaWN0aW9uYXJ5IG1hdGVyaWFscy9UTC1kaWN0aW9uYXJ5LW1hdGVyaWFscy1mMDQgKHjKvCB4yrzKtyBryrwga8q8yrcpLnBkZgATAAEvAAAVAAIADP//AAAACAANABoAJAENAAAAAAAAAgEAAAAAAAAABQAAAAAAAAAAAAAAAAAAA4M=},
	bdsk-file-5 = {YnBsaXN0MDDSAQIDBFxyZWxhdGl2ZVBhdGhZYWxpYXNEYXRhbxBqAC4ALgAvAC4ALgAvAFQAbABpAG4AZwBpAHQAIABEAGkAYwB0AGkAbwBuAGEAcgB5AC8AVABMADkANgAyAEwAMQA5ADcAMwBnACAALQAgAFQAbABpAG4AZwBpAHQAIABkAGkAYwB0AGkAbwBuAGEAcgB5ACAAbQBhAHQAZQByAGkAYQBsAHMALwBUAEwALQBkAGkAYwB0AGkAbwBuAGEAcgB5AC0AbQBhAHQAZQByAGkAYQBsAHMALQBmADAANQAgACgAZwAgAGcCtwApAC4AcABkAGZPEQJEAAAAAAJEAAIAAAxNYWNpbnRvc2ggSEQAAAAAAAAAAAAAAAAAAAAAAAAAQkQAAf////8fVEwtZGljdGlvbmFyeS1tYXRlI0ZGRkZGRkZGLnBkZgAAAAAAAAAAAAAAAAAAAAAAAAAAAAAAAAAAAAAAAAAA/////wAAAAAAAAAAAAAAAAACAAMAAAogY3UAAAAAAAAAAAAAAAAAH1RMOTYyTDE5NzNnIC0gVGxpbmdpdCBkaWN0aSNFMDEAAAIAgi86VXNlcnM6amFtZXM6RG9jdW1lbnRzOk1pbmU6VGxpbmdpdCBEaWN0aW9uYXJ5OlRMOTYyTDE5NzNnIC0gVGxpbmdpdCBkaWN0aW9uYXJ5IG1hdGVyaWFsczpUTC1kaWN0aW9uYXJ5LW1hdGVyaWFscy1mMDUgKGcgZ8q3KS5wZGYADgBOACYAVABMAC0AZABpAGMAdABpAG8AbgBhAHIAeQAtAG0AYQB0AGUAcgBpAGEAbABzAC0AZgAwADUAIAAoAGcAIABnArcAKQAuAHAAZABmAA8AGgAMAE0AYQBjAGkAbgB0AG8AcwBoACAASABEABIAgFVzZXJzL2phbWVzL0RvY3VtZW50cy9NaW5lL1RsaW5naXQgRGljdGlvbmFyeS9UTDk2MkwxOTczZyAtIFRsaW5naXQgZGljdGlvbmFyeSBtYXRlcmlhbHMvVEwtZGljdGlvbmFyeS1tYXRlcmlhbHMtZjA1IChnIGfKtykucGRmABMAAS8AABUAAgAM//8AAAAIAA0AGgAkAPsAAAAAAAACAQAAAAAAAAAFAAAAAAAAAAAAAAAAAAADQw==},
	bdsk-file-6 = {YnBsaXN0MDDSAQIDBFxyZWxhdGl2ZVBhdGhZYWxpYXNEYXRhbxBqAC4ALgAvAC4ALgAvAFQAbABpAG4AZwBpAHQAIABEAGkAYwB0AGkAbwBuAGEAcgB5AC8AVABMADkANgAyAEwAMQA5ADcAMwBnACAALQAgAFQAbABpAG4AZwBpAHQAIABkAGkAYwB0AGkAbwBuAGEAcgB5ACAAbQBhAHQAZQByAGkAYQBsAHMALwBUAEwALQBkAGkAYwB0AGkAbwBuAGEAcgB5AC0AbQBhAHQAZQByAGkAYQBsAHMALQBmADAANgAgACgAawAgAGsCtwApAC4AcABkAGZPEQJEAAAAAAJEAAIAAAxNYWNpbnRvc2ggSEQAAAAAAAAAAAAAAAAAAAAAAAAAQkQAAf////8fVEwtZGljdGlvbmFyeS1tYXRlI0ZGRkZGRkZGLnBkZgAAAAAAAAAAAAAAAAAAAAAAAAAAAAAAAAAAAAAAAAAA/////wAAAABQREYgAAAAAAACAAMAAAogY3UAAAAAAAAAAAAAAAAAH1RMOTYyTDE5NzNnIC0gVGxpbmdpdCBkaWN0aSNFMDEAAAIAgi86VXNlcnM6amFtZXM6RG9jdW1lbnRzOk1pbmU6VGxpbmdpdCBEaWN0aW9uYXJ5OlRMOTYyTDE5NzNnIC0gVGxpbmdpdCBkaWN0aW9uYXJ5IG1hdGVyaWFsczpUTC1kaWN0aW9uYXJ5LW1hdGVyaWFscy1mMDYgKGsga8q3KS5wZGYADgBOACYAVABMAC0AZABpAGMAdABpAG8AbgBhAHIAeQAtAG0AYQB0AGUAcgBpAGEAbABzAC0AZgAwADYAIAAoAGsAIABrArcAKQAuAHAAZABmAA8AGgAMAE0AYQBjAGkAbgB0AG8AcwBoACAASABEABIAgFVzZXJzL2phbWVzL0RvY3VtZW50cy9NaW5lL1RsaW5naXQgRGljdGlvbmFyeS9UTDk2MkwxOTczZyAtIFRsaW5naXQgZGljdGlvbmFyeSBtYXRlcmlhbHMvVEwtZGljdGlvbmFyeS1tYXRlcmlhbHMtZjA2IChrIGvKtykucGRmABMAAS8AABUAAgAM//8AAAAIAA0AGgAkAPsAAAAAAAACAQAAAAAAAAAFAAAAAAAAAAAAAAAAAAADQw==},
	bdsk-file-7 = {YnBsaXN0MDDSAQIDBFxyZWxhdGl2ZVBhdGhZYWxpYXNEYXRhXxBOLi4vLi4vVGxpbmdpdCBEaWN0aW9uYXJ5L1RMOTYyTDE5NzVuIC0gVGxpbmdpdCBzdGVtIGxpc3QvVExTdGVtTGlzdC0wMSAoaCkucGRmTxEB6gAAAAAB6gACAAAMTWFjaW50b3NoIEhEAAAAAAAAAAAAAAAAAAAAAAAAAEJEAAH/////FVRMU3RlbUxpc3QtMDEgKGgpLnBkZgAAAAAAAAAAAAAAAAAAAAAAAAAAAAAAAAAAAAAAAAAAAAAAAAAAAAAAAP////8AAAAAAAAAAAAAAAAAAgADAAAKIGN1AAAAAAAAAAAAAAAAAB9UTDk2MkwxOTc1biAtIFRsaW5naXQgc3RlbSBsaXN0AAACAGUvOlVzZXJzOmphbWVzOkRvY3VtZW50czpNaW5lOlRsaW5naXQgRGljdGlvbmFyeTpUTDk2MkwxOTc1biAtIFRsaW5naXQgc3RlbSBsaXN0OlRMU3RlbUxpc3QtMDEgKGgpLnBkZgAADgAsABUAVABMAFMAdABlAG0ATABpAHMAdAAtADAAMQAgACgAaAApAC4AcABkAGYADwAaAAwATQBhAGMAaQBuAHQAbwBzAGgAIABIAEQAEgBjVXNlcnMvamFtZXMvRG9jdW1lbnRzL01pbmUvVGxpbmdpdCBEaWN0aW9uYXJ5L1RMOTYyTDE5NzVuIC0gVGxpbmdpdCBzdGVtIGxpc3QvVExTdGVtTGlzdC0wMSAoaCkucGRmAAATAAEvAAAVAAIADP//AAAACAANABoAJAB1AAAAAAAAAgEAAAAAAAAABQAAAAAAAAAAAAAAAAAAAmM=},
	bdsk-file-8 = {YnBsaXN0MDDSAQIDBFxyZWxhdGl2ZVBhdGhZYWxpYXNEYXRhbxBOAC4ALgAvAC4ALgAvAFQAbABpAG4AZwBpAHQAIABEAGkAYwB0AGkAbwBuAGEAcgB5AC8AVABMADkANgAyAEwAMQA5ADcANQBuACAALQAgAFQAbABpAG4AZwBpAHQAIABzAHQAZQBtACAAbABpAHMAdAAvAFQATABTAHQAZQBtAEwAaQBzAHQALQAwADIAIAAoApQAKQAuAHAAZABmTxEB6gAAAAAB6gACAAAMTWFjaW50b3NoIEhEAAAAAAAAAAAAAAAAAAAAAAAAAEJEAAH/////HFRMU3RlbUxpc3QtMDIgKCNGRkZGRkZGRi5wZGYAAAAAAAAAAAAAAAAAAAAAAAAAAAAAAAAAAAAAAAAAAAAAAP////8AAAAAAAAAAAAAAAAAAgADAAAKIGN1AAAAAAAAAAAAAAAAAB9UTDk2MkwxOTc1biAtIFRsaW5naXQgc3RlbSBsaXN0AAACAGYvOlVzZXJzOmphbWVzOkRvY3VtZW50czpNaW5lOlRsaW5naXQgRGljdGlvbmFyeTpUTDk2MkwxOTc1biAtIFRsaW5naXQgc3RlbSBsaXN0OlRMU3RlbUxpc3QtMDIgKMqUKS5wZGYADgAsABUAVABMAFMAdABlAG0ATABpAHMAdAAtADAAMgAgACgClAApAC4AcABkAGYADwAaAAwATQBhAGMAaQBuAHQAbwBzAGgAIABIAEQAEgBkVXNlcnMvamFtZXMvRG9jdW1lbnRzL01pbmUvVGxpbmdpdCBEaWN0aW9uYXJ5L1RMOTYyTDE5NzVuIC0gVGxpbmdpdCBzdGVtIGxpc3QvVExTdGVtTGlzdC0wMiAoypQpLnBkZgATAAEvAAAVAAIADP//AAAACAANABoAJADDAAAAAAAAAgEAAAAAAAAABQAAAAAAAAAAAAAAAAAAArE=},
	bdsk-file-9 = {YnBsaXN0MDDSAQIDBFxyZWxhdGl2ZVBhdGhZYWxpYXNEYXRhbxBXAC4ALgAvAC4ALgAvAFQAbABpAG4AZwBpAHQAIABEAGkAYwB0AGkAbwBuAGEAcgB5AC8AVABMADkANgAyAEwAMQA5ADcANQBuACAALQAgAFQAbABpAG4AZwBpAHQAIABzAHQAZQBtACAAbABpAHMAdAAvAFQATABTAHQAZQBtAEwAaQBzAHQALQAwADMAIAAoAHkAIAB5AwgAIAB3ACAAbQAgAGIAKQAuAHAAZABmTxECEAAAAAACEAACAAAMTWFjaW50b3NoIEhEAAAAAAAAAAAAAAAAAAAAAAAAAEJEAAH/////HVRMU3RlbUxpc3QtMDMgKHkg2CB3IG0gYikucGRmAAAAAAAAAAAAAAAAAAAAAAAAAAAAAAAAAAAAAAAAAAAAAP////8AAAAAAAAAAAAAAAAAAgADAAAKIGN1AAAAAAAAAAAAAAAAAB9UTDk2MkwxOTc1biAtIFRsaW5naXQgc3RlbSBsaXN0AAACAG8vOlVzZXJzOmphbWVzOkRvY3VtZW50czpNaW5lOlRsaW5naXQgRGljdGlvbmFyeTpUTDk2MkwxOTc1biAtIFRsaW5naXQgc3RlbSBsaXN0OlRMU3RlbUxpc3QtMDMgKHkgecyIIHcgbSBiKS5wZGYAAA4APgAeAFQATABTAHQAZQBtAEwAaQBzAHQALQAwADMAIAAoAHkAIAB5AwgAIAB3ACAAbQAgAGIAKQAuAHAAZABmAA8AGgAMAE0AYQBjAGkAbgB0AG8AcwBoACAASABEABIAbVVzZXJzL2phbWVzL0RvY3VtZW50cy9NaW5lL1RsaW5naXQgRGljdGlvbmFyeS9UTDk2MkwxOTc1biAtIFRsaW5naXQgc3RlbSBsaXN0L1RMU3RlbUxpc3QtMDMgKHkgecyIIHcgbSBiKS5wZGYAABMAAS8AABUAAgAM//8AAAAIAA0AGgAkANUAAAAAAAACAQAAAAAAAAAFAAAAAAAAAAAAAAAAAAAC6Q==},
	bdsk-file-10 = {YnBsaXN0MDDSAQIDBFxyZWxhdGl2ZVBhdGhZYWxpYXNEYXRhXxBOLi4vLi4vVGxpbmdpdCBEaWN0aW9uYXJ5L1RMOTYyTDE5NzVuIC0gVGxpbmdpdCBzdGVtIGxpc3QvVExTdGVtTGlzdC0wNCAobikucGRmTxEB6gAAAAAB6gACAAAMTWFjaW50b3NoIEhEAAAAAAAAAAAAAAAAAAAAAAAAAEJEAAH/////FVRMU3RlbUxpc3QtMDQgKG4pLnBkZgAAAAAAAAAAAAAAAAAAAAAAAAAAAAAAAAAAAAAAAAAAAAAAAAAAAAAAAP////8AAAAAAAAAAAAAAAAAAgADAAAKIGN1AAAAAAAAAAAAAAAAAB9UTDk2MkwxOTc1biAtIFRsaW5naXQgc3RlbSBsaXN0AAACAGUvOlVzZXJzOmphbWVzOkRvY3VtZW50czpNaW5lOlRsaW5naXQgRGljdGlvbmFyeTpUTDk2MkwxOTc1biAtIFRsaW5naXQgc3RlbSBsaXN0OlRMU3RlbUxpc3QtMDQgKG4pLnBkZgAADgAsABUAVABMAFMAdABlAG0ATABpAHMAdAAtADAANAAgACgAbgApAC4AcABkAGYADwAaAAwATQBhAGMAaQBuAHQAbwBzAGgAIABIAEQAEgBjVXNlcnMvamFtZXMvRG9jdW1lbnRzL01pbmUvVGxpbmdpdCBEaWN0aW9uYXJ5L1RMOTYyTDE5NzVuIC0gVGxpbmdpdCBzdGVtIGxpc3QvVExTdGVtTGlzdC0wNCAobikucGRmAAATAAEvAAAVAAIADP//AAAACAANABoAJAB1AAAAAAAAAgEAAAAAAAAABQAAAAAAAAAAAAAAAAAAAmM=},
	bdsk-file-11 = {YnBsaXN0MDDSAQIDBFxyZWxhdGl2ZVBhdGhZYWxpYXNEYXRhXxBOLi4vLi4vVGxpbmdpdCBEaWN0aW9uYXJ5L1RMOTYyTDE5NzVuIC0gVGxpbmdpdCBzdGVtIGxpc3QvVExTdGVtTGlzdC0wNSAoZCkucGRmTxEB6gAAAAAB6gACAAAMTWFjaW50b3NoIEhEAAAAAAAAAAAAAAAAAAAAAAAAAEJEAAH/////FVRMU3RlbUxpc3QtMDUgKGQpLnBkZgAAAAAAAAAAAAAAAAAAAAAAAAAAAAAAAAAAAAAAAAAAAAAAAAAAAAAAAP////8AAAAAAAAAAAAAAAAAAgADAAAKIGN1AAAAAAAAAAAAAAAAAB9UTDk2MkwxOTc1biAtIFRsaW5naXQgc3RlbSBsaXN0AAACAGUvOlVzZXJzOmphbWVzOkRvY3VtZW50czpNaW5lOlRsaW5naXQgRGljdGlvbmFyeTpUTDk2MkwxOTc1biAtIFRsaW5naXQgc3RlbSBsaXN0OlRMU3RlbUxpc3QtMDUgKGQpLnBkZgAADgAsABUAVABMAFMAdABlAG0ATABpAHMAdAAtADAANQAgACgAZAApAC4AcABkAGYADwAaAAwATQBhAGMAaQBuAHQAbwBzAGgAIABIAEQAEgBjVXNlcnMvamFtZXMvRG9jdW1lbnRzL01pbmUvVGxpbmdpdCBEaWN0aW9uYXJ5L1RMOTYyTDE5NzVuIC0gVGxpbmdpdCBzdGVtIGxpc3QvVExTdGVtTGlzdC0wNSAoZCkucGRmAAATAAEvAAAVAAIADP//AAAACAANABoAJAB1AAAAAAAAAgEAAAAAAAAABQAAAAAAAAAAAAAAAAAAAmM=},
	bdsk-file-12 = {YnBsaXN0MDDSAQIDBFxyZWxhdGl2ZVBhdGhZYWxpYXNEYXRhXxBVLi4vLi4vVGxpbmdpdCBEaWN0aW9uYXJ5L1RMOTYyTDE5NzVuIC0gVGxpbmdpdCBzdGVtIGxpc3QvVExTdGVtTGlzdC0wNiAodGEgdGUgdGkpLnBkZk8RAgQAAAAAAgQAAgAADE1hY2ludG9zaCBIRAAAAAAAAAAAAAAAAAAAAAAAAABCRAAB/////xxUTFN0ZW1MaXN0LTA2ICh0YSB0ZSB0aSkucGRmAAAAAAAAAAAAAAAAAAAAAAAAAAAAAAAAAAAAAAAAAAAAAAD/////AAAAAAAAAAAAAAAAAAIAAwAACiBjdQAAAAAAAAAAAAAAAAAfVEw5NjJMMTk3NW4gLSBUbGluZ2l0IHN0ZW0gbGlzdAAAAgBsLzpVc2VyczpqYW1lczpEb2N1bWVudHM6TWluZTpUbGluZ2l0IERpY3Rpb25hcnk6VEw5NjJMMTk3NW4gLSBUbGluZ2l0IHN0ZW0gbGlzdDpUTFN0ZW1MaXN0LTA2ICh0YSB0ZSB0aSkucGRmAA4AOgAcAFQATABTAHQAZQBtAEwAaQBzAHQALQAwADYAIAAoAHQAYQAgAHQAZQAgAHQAaQApAC4AcABkAGYADwAaAAwATQBhAGMAaQBuAHQAbwBzAGgAIABIAEQAEgBqVXNlcnMvamFtZXMvRG9jdW1lbnRzL01pbmUvVGxpbmdpdCBEaWN0aW9uYXJ5L1RMOTYyTDE5NzVuIC0gVGxpbmdpdCBzdGVtIGxpc3QvVExTdGVtTGlzdC0wNiAodGEgdGUgdGkpLnBkZgATAAEvAAAVAAIADP//AAAACAANABoAJAB8AAAAAAAAAgEAAAAAAAAABQAAAAAAAAAAAAAAAAAAAoQ=},
	bdsk-file-13 = {YnBsaXN0MDDSAQIDBFxyZWxhdGl2ZVBhdGhZYWxpYXNEYXRhbxBSAC4ALgAvAC4ALgAvAFQAbABpAG4AZwBpAHQAIABEAGkAYwB0AGkAbwBuAGEAcgB5AC8AVABMADkANgAyAEwAMQA5ADcANQBuACAALQAgAFQAbABpAG4AZwBpAHQAIABzAHQAZQBtACAAbABpAHMAdAAvAFQATABTAHQAZQBtAEwAaQBzAHQALQAwADcAIAAoAHQAdQAgAHQCvAApAC4AcABkAGZPEQH6AAAAAAH6AAIAAAxNYWNpbnRvc2ggSEQAAAAAAAAAAAAAAAAAAAAAAAAAQkQAAf////8fVExTdGVtTGlzdC0wNyAodHUgI0ZGRkZGRkZGLnBkZgAAAAAAAAAAAAAAAAAAAAAAAAAAAAAAAAAAAAAAAAAA/////wAAAAAAAAAAAAAAAAACAAMAAAogY3UAAAAAAAAAAAAAAAAAH1RMOTYyTDE5NzVuIC0gVGxpbmdpdCBzdGVtIGxpc3QAAAIAai86VXNlcnM6amFtZXM6RG9jdW1lbnRzOk1pbmU6VGxpbmdpdCBEaWN0aW9uYXJ5OlRMOTYyTDE5NzVuIC0gVGxpbmdpdCBzdGVtIGxpc3Q6VExTdGVtTGlzdC0wNyAodHUgdMq8KS5wZGYADgA0ABkAVABMAFMAdABlAG0ATABpAHMAdAAtADAANwAgACgAdAB1ACAAdAK8ACkALgBwAGQAZgAPABoADABNAGEAYwBpAG4AdABvAHMAaAAgAEgARAASAGhVc2Vycy9qYW1lcy9Eb2N1bWVudHMvTWluZS9UbGluZ2l0IERpY3Rpb25hcnkvVEw5NjJMMTk3NW4gLSBUbGluZ2l0IHN0ZW0gbGlzdC9UTFN0ZW1MaXN0LTA3ICh0dSB0yrwpLnBkZgATAAEvAAAVAAIADP//AAAACAANABoAJADLAAAAAAAAAgEAAAAAAAAABQAAAAAAAAAAAAAAAAAAAsk=},
	bdsk-file-14 = {YnBsaXN0MDDSAQIDBFxyZWxhdGl2ZVBhdGhZYWxpYXNEYXRhbxBYAC4ALgAvAC4ALgAvAFQAbABpAG4AZwBpAHQAIABEAGkAYwB0AGkAbwBuAGEAcgB5AC8AVABMADkANgAyAEwAMQA5ADcANQBuACAALQAgAFQAbABpAG4AZwBpAHQAIABzAHQAZQBtACAAbABpAHMAdAAvAFQATABTAHQAZQBtAEwAaQBzAHQALQAwADgAIAAoAUIAIAO7ACABmwAgAUICvAAgAZsCvAApAC4AcABkAGZPEQIeAAAAAAIeAAIAAAxNYWNpbnRvc2ggSEQAAAAAAAAAAAAAAAAAAAAAAAAAQkQAAf////8cVExTdGVtTGlzdC0wOCAoI0ZGRkZGRkZGLnBkZgAAAAAAAAAAAAAAAAAAAAAAAAAAAAAAAAAAAAAAAAAAAAAA/////wAAAAAAAAAAAAAAAAACAAMAAAogY3UAAAAAAAAAAAAAAAAAH1RMOTYyTDE5NzVuIC0gVGxpbmdpdCBzdGVtIGxpc3QAAAIAdi86VXNlcnM6amFtZXM6RG9jdW1lbnRzOk1pbmU6VGxpbmdpdCBEaWN0aW9uYXJ5OlRMOTYyTDE5NzVuIC0gVGxpbmdpdCBzdGVtIGxpc3Q6VExTdGVtTGlzdC0wOCAoxYIgzrsgxpsgxYLKvCDGm8q8KS5wZGYADgBAAB8AVABMAFMAdABlAG0ATABpAHMAdAAtADAAOAAgACgBQgAgA7sAIAGbACABQgK8ACABmwK8ACkALgBwAGQAZgAPABoADABNAGEAYwBpAG4AdABvAHMAaAAgAEgARAASAHRVc2Vycy9qYW1lcy9Eb2N1bWVudHMvTWluZS9UbGluZ2l0IERpY3Rpb25hcnkvVEw5NjJMMTk3NW4gLSBUbGluZ2l0IHN0ZW0gbGlzdC9UTFN0ZW1MaXN0LTA4ICjFgiDOuyDGmyDFgsq8IMabyrwpLnBkZgATAAEvAAAVAAIADP//AAAACAANABoAJADXAAAAAAAAAgEAAAAAAAAABQAAAAAAAAAAAAAAAAAAAvk=},
	bdsk-file-15 = {YnBsaXN0MDDSAQIDBFxyZWxhdGl2ZVBhdGhZYWxpYXNEYXRhbxBYAC4ALgAvAC4ALgAvAFQAbABpAG4AZwBpAHQAIABEAGkAYwB0AGkAbwBuAGEAcgB5AC8AVABMADkANgAyAEwAMQA5ADcANQBuACAALQAgAFQAbABpAG4AZwBpAHQAIABzAHQAZQBtACAAbABpAHMAdAAvAFQATABTAHQAZQBtAEwAaQBzAHQALQAwADkAIAAoAHMAIAKSACAAYwAgAHMCvAAgAGMCvAApAC4AcABkAGZPEQIWAAAAAAIWAAIAAAxNYWNpbnRvc2ggSEQAAAAAAAAAAAAAAAAAAAAAAAAAQkQAAf////8eVExTdGVtTGlzdC0wOSAocyAjRkZGRkZGRkYucGRmAAAAAAAAAAAAAAAAAAAAAAAAAAAAAAAAAAAAAAAAAAAA/////wAAAABQREYgAAAAAAACAAMAAAogY3UAAAAAAAAAAAAAAAAAH1RMOTYyTDE5NzVuIC0gVGxpbmdpdCBzdGVtIGxpc3QAAAIAci86VXNlcnM6amFtZXM6RG9jdW1lbnRzOk1pbmU6VGxpbmdpdCBEaWN0aW9uYXJ5OlRMOTYyTDE5NzVuIC0gVGxpbmdpdCBzdGVtIGxpc3Q6VExTdGVtTGlzdC0wOSAocyDKkiBjIHPKvCBjyrwpLnBkZgAOAEAAHwBUAEwAUwB0AGUAbQBMAGkAcwB0AC0AMAA5ACAAKABzACACkgAgAGMAIABzArwAIABjArwAKQAuAHAAZABmAA8AGgAMAE0AYQBjAGkAbgB0AG8AcwBoACAASABEABIAcFVzZXJzL2phbWVzL0RvY3VtZW50cy9NaW5lL1RsaW5naXQgRGljdGlvbmFyeS9UTDk2MkwxOTc1biAtIFRsaW5naXQgc3RlbSBsaXN0L1RMU3RlbUxpc3QtMDkgKHMgypIgYyBzyrwgY8q8KS5wZGYAEwABLwAAFQACAAz//wAAAAgADQAaACQA1wAAAAAAAAIBAAAAAAAAAAUAAAAAAAAAAAAAAAAAAALx},
	bdsk-file-16 = {YnBsaXN0MDDSAQIDBFxyZWxhdGl2ZVBhdGhZYWxpYXNEYXRhbxBZAC4ALgAvAC4ALgAvAFQAbABpAG4AZwBpAHQAIABEAGkAYwB0AGkAbwBuAGEAcgB5AC8AVABMADkANgAyAEwAMQA5ADcANQBuACAALQAgAFQAbABpAG4AZwBpAHQAIABzAHQAZQBtACAAbABpAHMAdAAvAFQATABTAHQAZQBtAEwAaQBzAHQALQAxADAAIAAoAHMDDAAgApIDDAAgAGMDDAAgAGMDDAK8ACkALgBwAGQAZk8RAiAAAAAAAiAAAgAADE1hY2ludG9zaCBIRAAAAAAAAAAAAAAAAAAAAAAAAABCRAAB/////xxUTFN0ZW1MaXN0LTEwICgjRkZGRkZGRkYucGRmAAAAAAAAAAAAAAAAAAAAAAAAAAAAAAAAAAAAAAAAAAAAAAD/////AAAAAFBERiBDQVJPAAIAAwAACiBjdQAAAAAAAAAAAAAAAAAfVEw5NjJMMTk3NW4gLSBUbGluZ2l0IHN0ZW0gbGlzdAAAAgB2LzpVc2VyczpqYW1lczpEb2N1bWVudHM6TWluZTpUbGluZ2l0IERpY3Rpb25hcnk6VEw5NjJMMTk3NW4gLSBUbGluZ2l0IHN0ZW0gbGlzdDpUTFN0ZW1MaXN0LTEwIChzzIwgypLMjCBjzIwgY8yMyrwpLnBkZgAOAEIAIABUAEwAUwB0AGUAbQBMAGkAcwB0AC0AMQAwACAAKABzAwwAIAKSAwwAIABjAwwAIABjAwwCvAApAC4AcABkAGYADwAaAAwATQBhAGMAaQBuAHQAbwBzAGgAIABIAEQAEgB0VXNlcnMvamFtZXMvRG9jdW1lbnRzL01pbmUvVGxpbmdpdCBEaWN0aW9uYXJ5L1RMOTYyTDE5NzVuIC0gVGxpbmdpdCBzdGVtIGxpc3QvVExTdGVtTGlzdC0xMCAoc8yMIMqSzIwgY8yMIGPMjMq8KS5wZGYAEwABLwAAFQACAAz//wAAAAgADQAaACQA2QAAAAAAAAIBAAAAAAAAAAUAAAAAAAAAAAAAAAAAAAL9}}

@phdthesis{crippen:2019,
	address = {Vancouver},
	author = {Crippen, James A.},
	date-added = {2022-02-27 14:42:31 -0500},
	date-modified = {2022-02-27 14:42:31 -0500},
	eprint = {005047},
	eprinttype = {lingbuzz},
	keywords = {Language - Tlingit; Syntax - Verbs; Syntax - Polysynthesis; Morphology - Verb},
	school = {University of British Columbia},
	title = {The syntax in Tlingit verbs},
	type = {PhD dissertation},
	year = {2019},
	bdsk-file-1 = {YnBsaXN0MDDSAQIDBFxyZWxhdGl2ZVBhdGhZYWxpYXNEYXRhXxBRLi4vLi4vLi4vLi4vRHJvcGJveC9DcmlwcGVuIERpc3NlcnRhdGlvbi9QdWJsaWMvY3JpcHBlbi1kaXNzZXJ0YXRpb24tMjAyMDAyMjMucGRmTxEBxAAAAAABxAACAAAMTWFjaW50b3NoIEhEAAAAAAAAAAAAAAAAAAAAAAAAAEJEAAH/////H2NyaXBwZW4tZGlzc2VydGF0aSNGRkZGRkZGRi5wZGYAAAAAAAAAAAAAAAAAAAAAAAAAAAAAAAAAAAAAAAAAAP////8AAAAAAAAAAAAAAAAABAAEAAAKIGN1AAAAAAAAAAAAAAAAAAZQdWJsaWMAAgBTLzpVc2VyczpqYW1lczpEcm9wYm94OkNyaXBwZW4gRGlzc2VydGF0aW9uOlB1YmxpYzpjcmlwcGVuLWRpc3NlcnRhdGlvbi0yMDIwMDIyMy5wZGYAAA4ARAAhAGMAcgBpAHAAcABlAG4ALQBkAGkAcwBzAGUAcgB0AGEAdABpAG8AbgAtADIAMAAyADAAMAAyADIAMwAuAHAAZABmAA8AGgAMAE0AYQBjAGkAbgB0AG8AcwBoACAASABEABIAUVVzZXJzL2phbWVzL0Ryb3Bib3gvQ3JpcHBlbiBEaXNzZXJ0YXRpb24vUHVibGljL2NyaXBwZW4tZGlzc2VydGF0aW9uLTIwMjAwMjIzLnBkZgAAEwABLwAAFQACAAz//wAAAAgADQAaACQAeAAAAAAAAAIBAAAAAAAAAAUAAAAAAAAAAAAAAAAAAAJA}}

@book{axelrod:1993,
	address = {Lincoln, NE},
	author = {Axelrod, Melissa},
	booktitle = {The semantics of time: aspectual categorization in Koyukon Athabaskan},
	date-added = {2022-02-27 12:42:20 -0500},
	date-modified = {2022-02-27 12:42:20 -0500},
	isbn = {0-8032-1032-9},
	keywords = {Family - Dene; Family - Dene - Northern; Language - Koyukon; Morphology - Verb; Semantics - Aspect; Semantics - Event structure - Aktionsart; Semantics - Event structure - Semelfactives; Morphology - Aspect},
	library = {PM1594.A94 1993},
	publisher = {University of Nebraska Press},
	series = {Studies in the anthropology of North American Indians},
	title = {The semantics of time: Aspectual categorization in Koyukon Athabaskan},
	year = {1993},
	bdsk-file-1 = {YnBsaXN0MDDSAQIDBFxyZWxhdGl2ZVBhdGhZYWxpYXNEYXRhXxAkLi4vLi4vLi4vTGl0ZXJhdHVyZS9BeGVscm9kIDE5OTMucGRmTxEBZgAAAAABZgACAAAMTWFjaW50b3NoIEhEAAAAAAAAAAAAAAAAAAAAAAAAAEJEAAH/////EEF4ZWxyb2QgMTk5My5wZGYAAAAAAAAAAAAAAAAAAAAAAAAAAAAAAAAAAAAAAAAAAAAAAAAAAAAAAAAAAAAAAP////8AAAAAUERGIENBUk8AAwACAAAKIGN1AAAAAAAAAAAAAAAAAApMaXRlcmF0dXJlAAIAMy86VXNlcnM6amFtZXM6RG9jdW1lbnRzOkxpdGVyYXR1cmU6QXhlbHJvZCAxOTkzLnBkZgAADgAiABAAQQB4AGUAbAByAG8AZAAgADEAOQA5ADMALgBwAGQAZgAPABoADABNAGEAYwBpAG4AdABvAHMAaAAgAEgARAASADFVc2Vycy9qYW1lcy9Eb2N1bWVudHMvTGl0ZXJhdHVyZS9BeGVscm9kIDE5OTMucGRmAAATAAEvAAAVAAIADP//AAAACAANABoAJABLAAAAAAAAAgEAAAAAAAAABQAAAAAAAAAAAAAAAAAAAbU=}}

@book{kari:1979,
	address = {Fairbanks, AK},
	author = {Kari, James},
	booktitle = {Athabaskan verb theme categories},
	date-added = {2022-02-27 12:42:13 -0500},
	date-modified = {2022-02-27 12:42:13 -0500},
	keywords = {Language - Ahtna; Family - Dene - Northern; Family - Dene; Family - Na-Dene; Morphology - Verb},
	number = {2},
	publisher = {Alaska Native Language Center},
	series = {Alaska Native Language Center Research Papers},
	title = {Athabaskan verb theme categories: Ahtna},
	year = {1979},
	bdsk-file-1 = {YnBsaXN0MDDSAQIDBFxyZWxhdGl2ZVBhdGhZYWxpYXNEYXRhXxAhLi4vLi4vLi4vTGl0ZXJhdHVyZS9LYXJpIDE5NzkucGRmTxEBWAAAAAABWAACAAAMTWFjaW50b3NoIEhEAAAAAAAAAAAAAAAAAAAAAAAAAEJEAAH/////DUthcmkgMTk3OS5wZGYAAAAAAAAAAAAAAAAAAAAAAAAAAAAAAAAAAAAAAAAAAAAAAAAAAAAAAAAAAAAAAAAAAP////8AAAAAUERGIENBUk8AAwACAAAKIGN1AAAAAAAAAAAAAAAAAApMaXRlcmF0dXJlAAIAMC86VXNlcnM6amFtZXM6RG9jdW1lbnRzOkxpdGVyYXR1cmU6S2FyaSAxOTc5LnBkZgAOABwADQBLAGEAcgBpACAAMQA5ADcAOQAuAHAAZABmAA8AGgAMAE0AYQBjAGkAbgB0AG8AcwBoACAASABEABIALlVzZXJzL2phbWVzL0RvY3VtZW50cy9MaXRlcmF0dXJlL0thcmkgMTk3OS5wZGYAEwABLwAAFQACAAz//wAAAAgADQAaACQASAAAAAAAAAIBAAAAAAAAAAUAAAAAAAAAAAAAAAAAAAGk}}

@book{edwards:2009,
	address = {Juneau, AK},
	author = {Edwards, Keri},
	booktitle = {Dictionary of Tlingit},
	cites = {leer:1991, story:1973, story:1966, naish:1966, naish:1976, naish:1963},
	date-added = {2022-02-27 12:41:51 -0500},
	date-modified = {2022-02-27 12:41:51 -0500},
	eprint = {TL005E2009},
	eprinttype = {anla},
	isbn = {978-1-44-040127-5},
	keywords = {Language - Tlingit; Lexicography - Dictionary; Morphology - Verb},
	publisher = {Sealaska Heritage Institute},
	title = {Dictionary of Tlingit},
	year = {2009},
	bdsk-file-1 = {YnBsaXN0MDDSAQIDBFxyZWxhdGl2ZVBhdGhZYWxpYXNEYXRhXxAkLi4vLi4vLi4vTGl0ZXJhdHVyZS9FZHdhcmRzIDIwMDkucGRmTxEBZgAAAAABZgACAAAMTWFjaW50b3NoIEhEAAAAAAAAAAAAAAAAAAAAAAAAAEJEAAH/////EEVkd2FyZHMgMjAwOS5wZGYAAAAAAAAAAAAAAAAAAAAAAAAAAAAAAAAAAAAAAAAAAAAAAAAAAAAAAAAAAAAAAP////8AAAAAAAAAAAAAAAAAAwACAAAKIGN1AAAAAAAAAAAAAAAAAApMaXRlcmF0dXJlAAIAMy86VXNlcnM6amFtZXM6RG9jdW1lbnRzOkxpdGVyYXR1cmU6RWR3YXJkcyAyMDA5LnBkZgAADgAiABAARQBkAHcAYQByAGQAcwAgADIAMAAwADkALgBwAGQAZgAPABoADABNAGEAYwBpAG4AdABvAHMAaAAgAEgARAASADFVc2Vycy9qYW1lcy9Eb2N1bWVudHMvTGl0ZXJhdHVyZS9FZHdhcmRzIDIwMDkucGRmAAATAAEvAAAVAAIADP//AAAACAANABoAJABLAAAAAAAAAgEAAAAAAAAABQAAAAAAAAAAAAAAAAAAAbU=}}

@unpublished{leer:1978b,
	author = {Leer, Jeff},
	date-added = {2022-02-27 12:41:44 -0500},
	date-modified = {2022-02-27 12:41:44 -0500},
	eprint = {TL962L1975m},
	eprinttype = {anla},
	keywords = {Language - Tlingit; Lexicography - Wordlist; Morphology - Verb; Morphology - Word - Structure},
	month = {6},
	note = {Unpublished manuscript},
	title = {Tlingit stem list},
	year = {1978},
	bdsk-file-1 = {YnBsaXN0MDDSAQIDBFxyZWxhdGl2ZVBhdGhZYWxpYXNEYXRhXxA8Li4vLi4vVGxpbmdpdCBEaWN0aW9uYXJ5L1RMOTYyTDE5NzVtIC0gVGxpbmdpdCBzdGVtIGxpc3QucGRmTxEB1AAAAAAB1AACAAAMTWFjaW50b3NoIEhEAAAAAAAAAAAAAAAAAAAAAAAAAEJEAAH/////H1RMOTYyTDE5NzVtIC0gVGxpbiNGRkZGRkZGRi5wZGYAAAAAAAAAAAAAAAAAAAAAAAAAAAAAAAAAAAAAAAAAAP////8AAAAAAAAAAAAAAAAAAgACAAAKIGN1AAAAAAAAAAAAAAAAABJUbGluZ2l0IERpY3Rpb25hcnkAAgBTLzpVc2VyczpqYW1lczpEb2N1bWVudHM6TWluZTpUbGluZ2l0IERpY3Rpb25hcnk6VEw5NjJMMTk3NW0gLSBUbGluZ2l0IHN0ZW0gbGlzdC5wZGYAAA4ASAAjAFQATAA5ADYAMgBMADEAOQA3ADUAbQAgAC0AIABUAGwAaQBuAGcAaQB0ACAAcwB0AGUAbQAgAGwAaQBzAHQALgBwAGQAZgAPABoADABNAGEAYwBpAG4AdABvAHMAaAAgAEgARAASAFFVc2Vycy9qYW1lcy9Eb2N1bWVudHMvTWluZS9UbGluZ2l0IERpY3Rpb25hcnkvVEw5NjJMMTk3NW0gLSBUbGluZ2l0IHN0ZW0gbGlzdC5wZGYAABMAAS8AABUAAgAM//8AAAAIAA0AGgAkAGMAAAAAAAACAQAAAAAAAAAFAAAAAAAAAAAAAAAAAAACOw==}}

@phdthesis{leer:1991,
	address = {Chicago},
	author = {Leer, Jeff},
	date-added = {2022-02-27 12:41:34 -0500},
	date-modified = {2022-02-27 12:41:34 -0500},
	eprint = {TL962L1991},
	eprinttype = {anla},
	keywords = {Language - Tlingit; Historical linguistics; Language - Tlingit - Tongass; Language - Tlingit - Southern; Morphology; Morphology - Verb; Phonology; Semantics - Aspect; Semantics - Tense; Semantics - Telicity; Semantics},
	read = {Yes},
	school = {University of Chicago},
	title = {The schetic categories of the Tlingit verb},
	type = {PhD dissertation},
	year = {1991},
	bdsk-file-1 = {YnBsaXN0MDDSAQIDBFxyZWxhdGl2ZVBhdGhZYWxpYXNEYXRhXxAhLi4vLi4vLi4vTGl0ZXJhdHVyZS9MZWVyIDE5OTEucGRmTxEBWAAAAAABWAACAAAMTWFjaW50b3NoIEhEAAAAAAAAAAAAAAAAAAAAAAAAAEJEAAH/////DUxlZXIgMTk5MS5wZGYAAAAAAAAAAAAAAAAAAAAAAAAAAAAAAAAAAAAAAAAAAAAAAAAAAAAAAAAAAAAAAAAAAP////8AAAAAAAAAAAAAAAAAAwACAAAKIGN1AAAAAAAAAAAAAAAAAApMaXRlcmF0dXJlAAIAMC86VXNlcnM6amFtZXM6RG9jdW1lbnRzOkxpdGVyYXR1cmU6TGVlciAxOTkxLnBkZgAOABwADQBMAGUAZQByACAAMQA5ADkAMQAuAHAAZABmAA8AGgAMAE0AYQBjAGkAbgB0AG8AcwBoACAASABEABIALlVzZXJzL2phbWVzL0RvY3VtZW50cy9MaXRlcmF0dXJlL0xlZXIgMTk5MS5wZGYAEwABLwAAFQACAAz//wAAAAgADQAaACQASAAAAAAAAAIBAAAAAAAAAAUAAAAAAAAAAAAAAAAAAAGk}}
